@book{durrett2019probability,
  title={Probability: theory and examples},
  author={Durrett, Rick},
  volume={49},
  year={2019},
  publisher={Cambridge university press}
}

@book{ross1995stochastic,
  title={Stochastic processes},
  author={Ross, Sheldon M},
  year={1995},
  publisher={John Wiley \& Sons}
}